<record><leader>00000cas a22000007a 4500</leader><controlfield tag="001">43924830</controlfield><controlfield tag="008">000425d19351935tnuwr ne      0    0eng d</controlfield><datafield ind1=" " ind2=" " tag="010"><subfield code="a">sn 00063942 </subfield></datafield><datafield ind1=" " ind2=" " tag="040"><subfield code="a">TGN</subfield><subfield code="b">eng</subfield><subfield code="c">TGN</subfield><subfield code="d">OCLCF</subfield><subfield code="d">OCLCO</subfield></datafield><datafield ind1="1" ind2=" " tag="029"><subfield code="a">AU@</subfield><subfield code="b">000021486538</subfield></datafield><datafield ind1=" " ind2=" " tag="042"><subfield code="a">msc</subfield></datafield><datafield ind1="0" ind2="4" tag="245"><subfield code="a">The Elizabethton Sunday news.</subfield></datafield><datafield ind1="1" ind2=" " tag="246"><subfield code="i">Issues for Jan. 27-June 23, 1935 have title:</subfield><subfield code="a">Elizabethton Sunday news combined with the star</subfield></datafield><datafield ind1="3" ind2="0" tag="246"><subfield code="a">Sunday Elizabethton news</subfield></datafield><datafield ind1="3" ind2="0" tag="246"><subfield code="a">Elizabethton news</subfield></datafield><datafield ind1=" " ind2=" " tag="260"><subfield code="a">Elizabethton, Tenn. :</subfield><subfield code="b">Elizabethton Pub. Co.,</subfield><subfield code="c">1935.</subfield></datafield><datafield ind1=" " ind2=" " tag="300"><subfield code="a">v.</subfield></datafield><datafield ind1=" " ind2=" " tag="310"><subfield code="a">Weekly</subfield></datafield><datafield ind1="0" ind2=" " tag="362"><subfield code="a">Vol. 8, no. 1 (Jan. 20, 1935)-v. 8, no. 20 (June 2, 1935) ; v. 8, no. 276 (June 9, 1935)-v. 8, no. 278 (June 23, 1935).</subfield></datafield><datafield ind1=" " ind2=" " tag="500"><subfield code="a">"Combined with the star" appears beneath masthead in smaller type, Jan. 27-June 23, 1935.</subfield></datafield><datafield ind1=" " ind2=" " tag="515"><subfield code="a">Error caused change in numbering on June 9, 1935.</subfield></datafield><datafield ind1=" " ind2=" " tag="580"><subfield code="a">Sunday edition of daily: Elizabethton star (Elizabethton, Tenn. : 1926).</subfield></datafield><datafield ind1=" " ind2="0" tag="651"><subfield code="a">Elizabethton (Tenn.)</subfield><subfield code="v">Newspapers.</subfield></datafield><datafield ind1=" " ind2="0" tag="651"><subfield code="a">Carter County (Tenn.)</subfield><subfield code="v">Newspapers.</subfield></datafield><datafield ind1=" " ind2="7" tag="655"><subfield code="a">Newspapers.</subfield><subfield code="2">fast</subfield><subfield code="0">(OCoLC)fst01423814</subfield></datafield><datafield ind1=" " ind2="7" tag="651"><subfield code="a">Tennessee</subfield><subfield code="z">Carter County.</subfield><subfield code="2">fast</subfield><subfield code="0">(OCoLC)fst01215696</subfield></datafield><datafield ind1=" " ind2="7" tag="651"><subfield code="a">Tennessee</subfield><subfield code="z">Elizabethton.</subfield><subfield code="2">fast</subfield><subfield code="0">(OCoLC)fst01215694</subfield></datafield><datafield ind1=" " ind2=" " tag="752"><subfield code="a">United States</subfield><subfield code="b">Tennessee</subfield><subfield code="c">Carter</subfield><subfield code="d">Elizabethton.</subfield></datafield><datafield ind1="1" ind2=" " tag="775"><subfield code="t">Elizabethton star (Elizabethton, Tenn. : 1926)</subfield><subfield code="w">(DLC)sn 00063937</subfield></datafield><datafield ind1="0" ind2="4" tag="785"><subfield code="t">Elizabethton star (Elizabethton, Tenn. : 1926)</subfield><subfield code="g">June 30, 1935</subfield><subfield code="w">(DLC)sn 00063937</subfield></datafield></record>